<?xml version="1.0" encoding="UTF-8"?><collection xmlns="http://www.loc.gov/MARC21/slim"><record><leader>00424nam--2200169-i-4500</leader><controlfield tag="001">000029359</controlfield><controlfield tag="002">20161230</controlfield><controlfield tag="005">20161230201037</controlfield><controlfield tag="008">060222s1000------------r-----000-0-eng-d</controlfield><datafield ind1=" " ind2=" " tag="040"><subfield code="a">IFIN-HH</subfield></datafield><datafield ind1=" " ind2=" " tag="080"><subfield code="a">801.323.1=590:62(038)</subfield></datafield><datafield ind1="1" ind2=" " tag="110"><subfield code="a">Editura Tehnica</subfield></datafield><datafield ind1="1" ind2="0" tag="245"><subfield code="a">Lexiconul tehnic roman</subfield><subfield code="b">Vol. ii d-h</subfield></datafield><datafield ind1=" " ind2=" " tag="260"><subfield code="a">Bucuresti</subfield><subfield code="b">Editura Tehnica</subfield><subfield code="c">1950</subfield></datafield><datafield ind1=" " ind2=" " tag="300"><subfield code="a">983P</subfield></datafield><datafield ind1=" " ind2=" " tag="852"><subfield code="a">D.41</subfield></datafield><datafield ind1=" " ind2=" " tag="CAT"><subfield code="a">Sys</subfield><subfield code="c">20130306</subfield><subfield code="h">124106</subfield></datafield></record></collection>